2466 3449
1198 273 1244 311 16

115 417 327 472 Augustus
348 421 583 472 appellatus
604 426 709 460 erat:
746 420 883 459 eidem
903 421 1089 459 Munatio
1119 432 1154 459 a.
1185 419 1260 458 732
1291 421 1466 471 Augusti
1495 421 1698 459 beneficio
1730 432 1905 460 censura
1934 422 2150 473 obtigerat.
2182 421 2325 472 itaque

114 495 322 545 Horatius,
359 497 430 546 qui
472 496 650 546 epistula
686 495 739 534 ad
767 496 996 534 Bullatium
1033 507 1151 534 curas
1186 497 1336 534 auferri
1368 497 1530 535 ratione
1560 499 1601 534 et
1627 496 1861 547 prudentia,
1897 508 1983 536 non
2010 497 2105 535 loco
2136 499 2178 534 et
2206 496 2322 535 caelo

114 573 273 608 mutato
312 570 447 619 docet,
485 582 581 608 cum
608 581 695 608 non
721 571 806 607 iam
834 570 926 619 ipso
956 570 1140 618 Munatii,
1179 571 1249 619 qui
1285 571 1534 608 contrariam
1563 573 1748 608 tueretur
1775 572 2038 621 sententiam,
2066 571 2237 609 nomine
2264 571 2325 608 uti

114 647 268 694 posset,
299 643 433 682 electo
470 644 639 682 Bullatii
668 644 856 693 nomine,
887 643 999 693 quod
1028 644 1218 693 proxime
1259 655 1284 681 a
1311 644 1496 682 Munatio
1526 644 1711 693 abesset,
1754 644 1808 682 ad
1852 655 2018 683 carmen
2059 644 2093 694 1,
2130 642 2166 694 7,
2210 643 2324 693 quod

115 722 203 755 tum
230 719 273 754 in
303 718 490 755 omnium
518 718 711 755 manibus
739 718 833 766 fuit,
879 721 920 755 et
948 717 1001 755 ad
1028 718 1200 755 Munatii
1228 718 1372 755 Planci
1399 718 1614 767 pristinam
1644 717 1933 755 condicionem
1962 719 2005 755 in
2027 727 2085 756 ‘eo
2116 717 2323 767 depictam

113 792 262 830 allusit.
319 803 393 830 cur
413 793 501 830 eius
520 802 675 829 nomen
696 792 755 829 ita
776 791 996 830 detorserit
1014 795 1060 830 ut
1078 791 1219 830 bullae
1237 792 1352 829 notio
1372 791 1415 829 in
1437 802 1486 829 eo
1509 802 1706 841 expressa
1726 791 1790 840 sit,
1810 792 2030 830 nescimus.
2077 790 2205 829 Tibur
2223 801 2322 828 vero

111 867 154 904 in
197 865 376 915 epistula
416 866 769 916 praetermittitur,
812 865 926 915 quod
969 866 1056 905 eius
1097 864 1243 904 laudes
1287 864 1339 903 ab
1370 865 1490 903 huius
1519 867 1764 916 argumento
1806 876 1974 915 prorsus
2016 865 2178 904 alienae
2215 866 2322 903 sunt.

114 938 296 988 denique
332 939 447 988 quod
480 942 594 976 rect-a
629 939 974 988 interpretatione
1010 940 1074 976 usi
1110 939 1232 977 etiam
1267 939 1309 975 in
1345 939 1424 975 hac
1458 939 1565 975 inter
1592 938 1816 975 Bullatium
1846 942 1887 976 et
1914 941 2082 988 poetam
2112 938 2323 987 dialogum

111 1013 270 1050 institui
303 1012 507 1061 videmus,
544 1013 815 1062 aliquantum,
853 1013 887 1049 si
922 1022 1026 1062 opus
1064 1015 1137 1062 est,
1173 1015 1314 1050 nostra
1350 1011 1402 1050 de
1439 1012 1630 1049 carminis
1662 1010 1695 1059 1,
1725 1009 1748 1046 7
1779 1012 2082 1061 compositione
2118 1011 2324 1049 sententia

110 1086 342 1124 adiuvatur.
