2466 3449
1187 270 1233 310 13

105 398 287 435 harenae
314 408 552 435 mensorem
581 398 795 446 cohibent,
831 398 1028 448 Archyta,
1062 397 1244 447 pulveris
1278 399 1415 448 exigui
1447 409 1578 448 prope
1607 399 1703 437 litus
1731 410 1860 448 parva
1886 398 2086 437 Matinum
2116 394 2306 437 munera'

105 471 258 509 acerba
293 483 386 509 cum
420 471 609 510 irrisione
645 483 670 509 a
704 474 833 509 nauta
867 470 977 510 dicta
1011 469 1278 521 mirabundo,
1313 471 1554 521 Archytam·
1578 471 1885 522 philosophum,
1921 482 1975 510 ne
2012 471 2164 511 diutius
2200 472 2310 511 circa

106 554 201 582 ossa
250 547 291 582 et
337 547 463 594 caput
515 545 774 582 inhumatum
810 548 995 595 vagetur,
1042 544 1287 594 particulam
1329 545 1511 594 pulveris
1552 549 1706 595 petere.
1789 550 2107 595 praecesserunt
2152 546 2309 583 scilicet

104 620 185 657 hae
211 619 422 668 Archytae
448 631 594 669 preces
624 620 971 658 exclamationem
999 623 1153 658 nautae
1174 615 1234 656 ‘te
1262 618 1386 655 maris
1415 622 1456 656 et
1485 615 1633 656 terrae’
1668 630 1702 656 e.
1735 630 1773 668 q.
1795 630 1846 657 a:
1875 618 1979 656 illud
2009 619 2118 656 enim
2147 619 2308 656 initium

106 692 279 731 diverbii
323 692 593 732 divinandum
636 693 803 743 reliquit
844 696 971 743 poeta
1010 691 1255 731 lectoribus:
1304 692 1362 729 ita
1411 692 1535 730 etiam
1584 692 1847 743 intellegitur,
1891 703 1973 742 quo
2017 696 2138 742 pacto
2182 698 2311 730 nauta

104 766 278 805 umbrae
310 778 466 806 nomen
497 768 694 806 rescierit.
749 768 833 805 iam
862 770 1033 818 apparet
1066 767 1213 816 opinor
1244 766 1324 803 vim
1358 766 1572 814 comicam,
1612 777 1719 816 quae
1757 767 1797 804 in
1834 767 1915 804 hoc
1951 767 2151 816 carmine,
2195 766 2309 816 quod

103 840 252 877 iniuria
281 842 492 878 contemni
527 842 613 878 fere
647 841 766 889 solet,
802 852 894 878 cum
925 842 1031 878 serio
1069 843 1312 889 argumento
1351 841 1576 877 coniuncta
1613 844 1694 889 est,
1727 833 1769 877 in
1799 852 1848 878 eo
1885 841 2145 889 potissimum
2182 842 2307 889 cerni,

105 914 217 963 quod
252 914 459 963 Archytas
500 915 771 964 philosophus
807 926 892 953 non
921 915 1055 953 solum
1099 914 1308 952 communi
1352 913 1569 952 hominum
1611 914 1711 953 sorti
1748 913 1954 953 obnoxius
1992 917 2065 964 est,
2108 913 2182 953 sed
2210 919 2305 965 post

104 988 365 1037 naufragium
408 991 448 1026 et
490 992 665 1027 mortem
702 989 861 1038 cogitur
902 987 1131 1026 secundum
1174 987 1284 1037 vulgi
1322 987 1561 1037 opinionem
1599 987 1708 1025 circa
1744 997 1892 1037 corpus
1928 988 1969 1025 in
2002 988 2098 1025 litus
2127 989 2304 1026 eiectum

103 1061 257 1112 vagari,
294 1060 392 1100 dum
427 1073 452 1099 a
481 1060 663 1112 quodam
692 1061 873 1100 harenae
902 1060 1207 1110 munusculum,
1237 1070 1319 1110 quo
1349 1059 1517 1098 tandem
1549 1061 1747 1110 quiescat,
1776 1061 2068 1110 impetraverit.

291 1165 451 1216 Quodsi
487 1167 590 1205 haec
633 1167 772 1205 omnia
815 1166 1145 1217 complectimur,
1181 1167 1358 1216 primum
1393 1166 1576 1204 carmina
1614 1165 1715 1216 1,‚7
1758 1172 1798 1204 et
1833 1165 1883 1204 28
1931 1166 2109 1205 eandem
2150 1166 2303 1217 dialogi

104 1240 278 1277 formam
313 1239 469 1278 habere
506 1241 769 1278 manifestum
806 1243 869 1278 est
904 1243 1030 1290 atque
1059 1239 1239 1290 epodum
1277 1238 1342 1276 12:
1387 1239 1539 1277 deinde
1578 1251 1672 1277 cum
1702 1241 1779 1277 tria
1807 1241 1910 1277 haec
1940 1241 2124 1277 carmina
2153 1241 2301 1278 eodem

101 1315 234 1350 metro
262 1313 423 1351 inclusa
451 1314 542 1363 sint,
573 1324 667 1351 cum
695 1314 775 1351 hoc
803 1317 933 1351 metro
964 1313 1118 1363 dialogi
1143 1315 1318 1350 formam
1346 1314 1428 1350 iam
1456 1314 1498 1350 in
1520 1313 1689 1350 Graecis
1710 1314 2016 1363 exemplaribus
2038 1315 2301 1352 coniunctam

102 1386 226 1424 fuisse
253 1386 412 1437 liquido
442 1387 658 1437 colligitur,
689 1390 733 1424 ut
760 1387 950 1425 homines
980 1386 1092 1424 docti
1119 1386 1372 1424 Horatianae
1402 1387 1548 1424 aetatis
1581 1392 1714 1425 metro
1745 1388 1884 1437 agnito
1916 1387 2126 1437 dialogum
2154 1399 2302 1437 expec-

102 1464 248 1498 tarent.
316 1472 394 1499 nec
430 1462 520 1499 sine
554 1473 706 1511 magna
739 1461 1033 1510 probabilitate
1068 1461 1313 1508 conicimus,
1357 1460 1455 1497 olim
1489 1461 1530 1498 in
1570 1461 1729 1499 Horatii
1773 1461 1984 1499 codicibus
2029 1473 2298 1511 personarum

102 1535 272 1571 nomina
299 1535 382 1571 suis
410 1535 512 1572 locis
542 1535 600 1572 sic
630 1534 838 1583 adscripta
867 1535 1010 1573 fuisse:

1154 1670 1237 1719 1,7

102 1784 336 1817 MVNATIVS
372 1784 577 1816 PLANCVS
633 1780 881 1818 Laudabunt
909 1781 976 1818 alii
1006 1781 1158 1818 claram
1187 1781 1367 1818 Rhodon
1397 1786 1467 1818 aut
1495 1783 1721 1831 Mytilenen

732 1858 802 1890 aut
829 1855 1024 1902 Epheson
1054 1855 1274 1891 bimarisve
1304 1854 1489 1891 Corinthi

632 1929 799 1965 moenia
827 1928 894 1965 vel
921 1929 1084 1965 Baccho
1108 1928 1271 1965 Thebas
1300 1928 1366 1964 vel
1388 1928 1581 1976 Apolline
1610 1928 1793 1977 Delphos

730 2002 911 2049 insignes
940 2005 1012 2037 aut
1038 2002 1236 2038 Thessala
1265 2001 1437 2050 Tempe:

631 2100 726 2132 sunt
755 2096 904 2145 quibus
933 2109 1061 2133 unum
1092 2108 1195 2146 opus
1226 2102 1286 2134 est
1313 2097 1492 2133 intactae
1520 2097 1699 2133 Palladis
1729 2097 1871 2134 urbem
2024 2109 2039 2134 5

731 2170 911 2207 carmine
939 2174 1140 2219 perpetuo
1171 2171 1383 2209 celebrare
1413 2176 1452 2208 et

631 2241 814 2292 undique
842 2242 1081 2292 decerptam
1110 2244 1231 2281 fronti
1260 2255 1516 2294 praeponere
1545 2244 1714 2282 olivam:

730 2316 930 2365 plurimus
958 2317 1000 2353 in
1028 2316 1197 2355 Iunonis
1227 2318 1385 2356 honore

630 2413 771 2459 aptum
801 2410 910 2448 dicet
939 2412 1055 2460 equis
1082 2412 1216 2461 Argos
1246 2411 1434 2461 ditesque
1461 2411 1675 2463 Mycenas:

729 2494 797 2521 me
823 2495 903 2522 nec
932 2488 1013 2523 tam
1042 2487 1204 2535 patiens
1232 2485 1520 2524 Lacedaemon
2000 2497 2042 2523 10

630 2568 709 2595 nec
737 2560 821 2595 tam
850 2559 1017 2596 Larisae
1043 2561 1247 2619 percussit
1275 2571 1442 2608 campus
1473 2561 1645 2608 opimae„

731 2642 856 2679 quam
886 2632 1033 2670 domus
1063 2633 1279 2670 Albuneae
1307 2635 1536 2670 resonantis

633 2730 672 2762 et
699 2736 900 2776 praeceps
928 2727 1036 2764 Anio
1067 2738 1115 2764 ac
1143 2728 1312 2765 Tiburni
1342 2729 1457 2764 lucus
1488 2732 1527 2764 et
1556 2727 1637 2764 uda

728 2799 951 2838 mobilibus
979 2802 1165 2850 pomaria
1191 2801 1299 2839 rivis.

427 2873 579 2906 POETA
634 2870 765 2910 Albus
795 2877 840 2909 ut
868 2874 1045 2913 obscuro
1076 2874 1260 2924 deterget
1287 2874 1431 2911 nubila
1460 2874 1574 2912 caelo
2007 2885 2045 2910 15

731 2957 856 2996 saepe
885 2951 1007 2985 notus
1036 2959 1114 2986 nec
1141 2949 1312 2998 parturit
1339 2948 1490 2985 imbres
