2466 3449
1198 318 1244 356 12

106 445 208 484 dere
238 449 422 497 cuperet,
450 445 594 484 castris
622 446 776 485 relictis
804 446 847 483 in
876 444 1025 484 umbra
1038 444 1201 482 Tiburis
1221 446 1285 482 sui
1304 456 1350 482 se
1370 444 1526 482 abdere
1546 444 1740 482 decrevit.
1797 446 1857 482 sic
1886 449 2120 495 temporum
2151 456 2321 495 quoque

107 521 281 558 mutatio
313 521 471 569 optime
500 499 733 570 explicatur
768 521 811 557 in
839 520 902 557 his
932 520 1157 568 conspicua
1178 516 1271 556 ‘seu
1300 522 1341 556 te
1369 519 1570 567 fulgentia
1597 519 1722 567 signis
1752 521 1888 556 castra
1915 522 2060 557 tenent
2087 530 2163 557 seu
2191 518 2323 557 densa

107 594 268 632 tenebit
285 593 449 632 Tiburis
469 594 618 632 umbra
641 588 729 632 tui’.
785 593 828 631 in
856 594 995 643 priore
1021 593 1144 642 igitur
1162 595 1280 641 parte
1300 593 1510 630 Munatius
1529 591 1710 629 Plancus
1739 603 1764 629 a
1790 594 1918 641 poeta
1944 592 2166 642 inducitur,
2197 603 2321 642 quem

109 678 256 706 omnes
276 670 375 706 tunc
395 668 593 718 temporis
612 667 793 705 Romani
813 668 952 704 statim
981 669 1241 716 agnoverunt
1270 666 1426 715 quique
1454 668 1601 715 postea
1629 677 1654 702 a
1679 668 1807 714 poeta
1833 666 2087 715 appellatur,
2114 667 2157 703 in
2183 668 2320 715 poste-

107 743 217 780 riore
246 742 433 791 sequitur
460 744 612 791 poetae
641 741 886 778 consolatio.
945 726 1053 789 quae
1091 751 1185 777 cum
1220 740 1277 777 ita
1313 740 1407 789 sint,
1442 739 1533 777 duri
1563 742 1604 777 et
1632 738 1797 789 abrupti
1826 740 2033 789 transitus,
2064 739 2204 789 quode
2231 740 2321 777 iure

112 817 236 853 antea
257 815 548 864 querebamur,
578 826 632 852 ne
652 814 802 852 umbra
831 813 1001 864 quidem
1030 815 1235 862 superest:
1270 824 1422 862 nempe
1450 823 1562 850 nova
1589 822 1770 862 persona
1798 823 1921 851 versu
1944 812 1991 850 15
2019 813 2136 863 loqui
2163 814 2318 863 incipit.

298 909 387 947 Iam
417 909 468 947 ad
498 909 540 947 id
571 907 684 958 quod
711 909 755 946 in
783 909 863 947 hac
892 909 1138 958 quaestione
1166 908 1453 958 gravissimum
1483 910 1545 946 est
1574 908 1813 947 transimus:
1855 908 2049 946 nimirum
2082 908 2207 947 etiam
2236 907 2318 947 duo

110 984 273 1033 reliqua
302 982 489 1021 eiusdem
520 983 640 1021 metri
670 983 855 1021 carmina
884 981 1096 1032 dialogum
1126 982 1361 1021 ostendunt.
1416 983 1459 1019 in
1489 981 1626 1032 epodo
1663 992 1765 1019 sane
1792 985 1962 1032 poetam
1991 986 2032 1020 et
2061 993 2186 1020 anum
2214 984 2321 1020 inter

109 1068 154 1096 se
175 1056 365 1096 altercari
385 1056 650 1095 manifestum
671 1058 745 1105 est,
773 1055 815 1093 in
845 1056 1028 1093 carmine
1053 1059 1193 1094 autem
1214 1054 1302 1105 1,28
1321 1058 1491 1093 nautam
1512 1066 1605 1092 cum
1625 1055 1835 1104 Archytae
1856 1056 2002 1093 umbra
2022 1056 2205 1105 colloqui
2226 1067 2319 1093 cum

111 1130 210 1169 olim
229 1129 487 1168 intellectum
505 1133 627 1179 esset,
657 1132 797 1167 tamen
817 1140 903 1167 non
924 1130 1117 1167 omnibus
1137 1130 1178 1166 id
1198 1129 1373 1178 placuit:
1403 1130 1509 1167 adeo
1530 1131 1625 1167 viris
1642 1129 1939 1179 eruditissimis,
1970 1141 2147 1179 quorum
2166 1130 2320 1167 iudicia

108 1205 335 1253 praecipue
362 1205 404 1240 in
434 1204 527 1241 crisi
554 1204 784 1241 Horatiana
813 1205 1024 1252 suspicere
1053 1204 1249 1252 solemus,
1282 1214 1367 1241 non
1397 1203 1506 1240 duae
1535 1203 1608 1240 sed
1636 1215 1720 1240 una
1747 1214 1928 1252 persona
1955 1204 1997 1240 in
2026 1204 2107 1241 hoc
2137 1204 2319 1241 carmine

110 1278 227 1326 loqui
248 1277 338 1314 visa
367 1280 441 1315 est.
499 1277 568 1325 qui
597 1279 643 1313 ut
672 1276 980 1314 difficultatibus
1009 1277 1258 1325 gravissimis
1288 1287 1380 1314 sese
1410 1275 1655 1325 expedirent
1684 1287 1734 1314 eo
1764 1275 1891 1314 delati
1920 1281 2025 1325 sunt,
2054 1279 2100 1314 ut
2128 1276 2318 1314 umbram

109 1351 297 1399 naufragi
341 1349 556 1387 cuiusdam
607 1350 649 1386 in
698 1350 819 1387 litore
862 1350 1017 1387 Matino
1066 1352 1286 1398 vagantem
1330 1348 1382 1386 ab
1426 1348 1599 1387 Horatio
1650 1348 1789 1386 induci
1840 1348 2159 1398 contenderent,
2211 1359 2319 1399 quae

109 1425 288 1474 primum
325 1423 552 1472 Archytam
589 1422 745 1461 ibidem
783 1423 992 1473 sepultum
1029 1423 1328 1473 alloqueretur,
1364 1422 1516 1461 deinde
1552 1423 1605 1461 ad
1642 1426 1809 1461 nautam
1847 1423 2236 1472 praetervehentem
2272 1433 2318 1461 se

112 1500 385 1536 converteret.
415 1508 561 1534 verum
584 1497 731 1535 falsam
748 1496 901 1547 dialogi
917 1498 1099 1547 speciem
1116 1508 1207 1535 esse
1222 1508 1346 1535 nemo
1365 1496 1489 1534 credo
1507 1496 1793 1535 demonstrare
1809 1498 1993 1551 animum
2007 1497 2251 1547 induxisset,
2272 1498 2318 1546 si,

110 1572 181 1609 ubi
201 1570 350 1609 umbra
377 1570 494 1620 loqui
521 1571 735 1620 inciperet,
764 1573 877 1608 recte
907 1571 1118 1620 cognitum
1149 1574 1268 1608 esset.
1326 1574 1368 1607 at
1396 1571 1498 1607 mire
1526 1571 1567 1607 in
1589 1571 1667 1607 hac
1686 1581 1731 1607 re
1751 1571 1826 1607 viri
1846 1570 1957 1608 docti
1975 1571 2083 1608 inter
2101 1582 2147 1608 se
2168 1571 2319 1609 discor-

111 1646 228 1700 dant:
268 1645 336 1682 alii
372 1644 414 1682 id
450 1644 539 1682 fieri
574 1655 697 1682 versu
726 1643 762 1694 7,
801 1645 869 1682 alii
897 1655 1020 1683 versu
1053 1644 1113 1693 17,
1143 1645 1213 1682 alii
1241 1655 1364 1682 versu
1394 1643 1561 1681 demum
1592 1642 1638 1680 21
1673 1645 1905 1693 opinantur.
1961 1646 2046 1682 iam
2078 1646 2147 1694 qui
2176 1656 2320 1683 versus

110 1718 207 1756 inde
244 1730 267 1755 a
304 1716 327 1754 7
367 1728 511 1755 omnes
542 1717 753 1766 Archytae
787 1717 1013 1767 vindicant,
1048 1728 1132 1755 non
1163 1717 1545 1755 animadverterunt
1579 1718 1709 1755 verba
1739 1715 1894 1756 ‘iudice
1932 1721 1972 1755 te
2005 1729 2091 1756 non
2128 1718 2318 1757 sordidus

111 1794 257 1829 auctor
309 1793 485 1828 naturae
539 1786 726 1839 verique’
782 1788 852 1840 (14
880 1789 958 1840 sq.)
1004 1801 1089 1827 non
1143 1790 1352 1839 Archytae
1399 1801 1490 1828 esse
1551 1790 1624 1828 sed
1682 1792 1768 1828 eius
1817 1793 1887 1840 qui
1941 1803 2036 1829 eum
2072 1792 2318 1842 alloquatur.

112 1867 256 1902 contra
276 1860 503 1900 verba‘me
524 1874 694 1912 quoque
715 1860 881 1900 devexi*
902 1862 986 1913 (21)
1004 1864 1087 1900 iam
1106 1864 1293 1912 naufragi
1314 1874 1406 1900 esse
1424 1875 1549 1900 nemo
1569 1865 1821 1913 infitiabitur,
1842 1853 1986 1902 verum
2005 1867 2067 1902 his
2088 1877 2183 1902 eum
2203 1866 2320 1914 loqui

111 1949 196 1976 non
216 1939 414 1988 incipere,
446 1950 537 1976 cum
558 1940 750 1989 proxime
771 1940 1064 1976 antecedentia
1084 1943 1180 1988 apte
1208 1951 1300 1976 cum
1329 1940 1378 1976 iis
1399 1951 1561 1977 conexa
1580 1939 1672 1987 sint,
1702 1938 1776 1976 sed
1792 1949 1935 1976 versus
1959 1936 2111 1976 17-20
2133 1938 2319 1976 eiusdem

112 2022 203 2048 esse
246 2011 602 2062 Dillenburgerus,
653 2023 777 2060 quem
814 2013 959 2049 litteris
1003 2016 1043 2048 et
1084 2013 1205 2049 nobis
1248 2017 1435 2061 ereptum
1477 2014 1687 2062 lugemus,
1730 2016 1843 2049 recte
1891 2013 2106 2050 intellexit.
2170 2012 2318 2050 eodem

111 2089 252 2122 tamen
273 2085 590 2135 argumentandi
610 2086 680 2123 filo
702 2085 903 2134 ducimur,
924 2089 969 2123 ut
989 2087 1112 2122 etiam
1132 2086 1260 2123 verba
1281 2081 1374 2123 ‘sed
1395 2098 1540 2124 omnes
1559 2098 1644 2123 una
1662 2089 1805 2124 manet
1818 2097 1904 2124 nox
1918 2090 1959 2124 et
1975 2085 2175 2124 calcanda
2189 2087 2319 2125 semel

110 2160 178 2196 via
206 2156 288 2196 leti'
312 2158 378 2208 (15
400 2160 477 2208 sq.)
496 2159 747 2209 philosopho
767 2159 992 2197 reddamus
1014 2164 1055 2197 et
1073 2161 1152 2198 hoc
1172 2161 1419 2210 principium
1440 2172 1531 2199 esse
1551 2161 1753 2199 sermonis
1774 2162 1862 2199 eius
1889 2161 2190 2212 intellegamus.
2214 2157 2317 2200 ‘sed'

116 2234 256 2269 autem
284 2231 500 2281 particula,
532 2243 639 2281 quae
669 2232 727 2270 sic
755 2232 797 2270 in
828 2231 1022 2270 diverbiis
1050 2233 1150 2282 poni
1180 2233 1298 2282 solet,
1326 2234 1529 2285 Archytas
1558 2244 1703 2272 severe
1733 2234 2064 2273 cavillationibus
2092 2238 2246 2272 nautae
2275 2246 2319 2272 se

114 2305 288 2355 opponit
327 2305 629 2354 confirmatque
664 2307 877 2343 neminem
913 2306 1119 2343 moriendi
1155 2308 1403 2344 necessitate
1439 2311 1679 2357 exemptum
1721 2320 1823 2346 esse.
1893 2319 1972 2345 nec
2008 2309 2228 2357 quominus
2262 2310 2320 2345 ita

114 2380 344 2416 statuamus
372 2377 672 2428 impedimento
704 2390 795 2416 esse
824 2382 974 2428 potest,
1019 2379 1132 2428 quod
1160 2381 1202 2416 in
1232 2380 1370 2417 medio
1400 2392 1522 2417 versu
1550 2392 1756 2430 personae
1775 2385 1998 2430 mutantur,
2028 2383 2061 2418 si
2080 2384 2319 2430 reputamus

112 2452 154 2489 in
186 2452 368 2489 carmine
401 2450 434 2500 1,
464 2450 487 2487 7
514 2451 626 2488 idem
654 2453 695 2488 in
724 2452 863 2489 media
891 2453 1061 2501 stropha
1089 2454 1188 2490 fieri.

302 2546 385 2583 Sed
414 2550 501 2584 tota
529 2547 634 2584 haec
663 2546 885 2596 disputatio
915 2549 1066 2585 misere
1096 2551 1319 2596 corrueret,
1349 2549 1382 2585 si
1410 2559 1554 2586 verum
1584 2553 1705 2598 esset,
1737 2549 1850 2598 quod
1877 2549 2044 2599 plurimi
2071 2549 2317 2598 interpretes

112 2620 267 2668 dicunt,
297 2620 523 2668 Archytam
553 2631 637 2657 non
663 2632 789 2669 posse
816 2625 987 2659 nautam
1015 2622 1198 2671 pulveris
1226 2632 1401 2659 munera
1430 2633 1560 2672 orare,
1592 2634 1686 2660 cum
1714 2624 1852 2672 ipsum
1878 2623 1963 2660 iam
1991 2622 2199 2671 sepultum
2228 2635 2320 2662 esse

112 2693 241 2730 verba
254 2690 314 2729 ‘te
330 2722 338 2730 .
356 2722 364 2730 .
395 2693 604 2742 cohibent,
624 2692 821 2742 Archyta,
836 2695 1019 2743 pulveris
1035 2695 1175 2745 exigui
1188 2705 1321 2743 prope
1335 2694 1430 2732 litus
1449 2707 1578 2744 parva
1592 2696 1794 2734 Matinum
1809 2691 1999 2733 munera’
2020 2694 2216 2736 indicent.
2246 2697 2319 2735 sed

113 2766 184 2816 qui
205 2766 262 2804 ita
287 2769 642 2815 argumentantur,
668 2777 747 2805 nec
772 2768 978 2805 rationem
1006 2768 1196 2805 carminis
1222 2772 1526 2818 perspexerunt
1552 2780 1632 2806 nec
1660 2768 1790 2807 verba
1809 2765 2011 2818 ‘pulveris
2035 2769 2174 2818 exigui
2191 2781 2321 2819 parva

111 2836 293 2876 munera'
327 2838 379 2875 de
407 2839 515 2875 iusto
546 2839 705 2876 tumulo
734 2843 848 2877 recte
875 2841 1132 2889 interpretati
1161 2844 1275 2878 sunt:
1318 2843 1444 2879 immo
1474 2843 1535 2879 his
1569 2843 1707 2880 verbis
1739 2843 1851 2881 idem
1883 2843 2090 2881 indicatur
2121 2844 2321 2883 humandi

110 2912 279 2961 modus,
323 2923 448 2961 quem
497 2917 543 2949 ut
596 2913 674 2951 sibi
722 2914 931 2963 impertiat
983 2914 1034 2952 ab
1077 2914 1264 2963 Archyta
1312 2914 1516 2954 credimus
1564 2918 1735 2954 nautam
1788 2917 1936 2967 rogari.
1992 2916 2050 2955 ita
2088 2910 2318 2956 ‘cohibent'

111 2985 222 3024 idem
243 2986 446 3036 significat
475 2998 523 3025 ac
545 2983 759 3026 ‘cohibere
787 2985 958 3026 valent':
990 2992 1085 3027 sunt
1113 2992 1253 3028 autem
1283 2990 1386 3028 haec
1409 2986 1467 3029 ‘te
1495 2991 1619 3029 maris
1649 2993 1690 3029 et
1709 2993 1843 3029 terrae
1863 3001 2122 3041 numeroque
2143 2992 2320 3031 carentis
