2466 3449
1214 302 1260 340 14

660 435 875 482 perpetuo,
905 432 965 469 sic
995 435 1038 469 tu
1067 432 1232 480 sapiens
1260 431 1377 468 finire
1406 433 1616 468 memento

760 505 966 543 tristitiam
996 505 1192 555 vitaeque
1220 503 1385 542 labores

660 580 787 629 molli,
815 580 984 629 Plance,
1014 591 1143 628 mero,
1173 591 1248 617 seu
1279 584 1319 617 te
1348 580 1549 629 fulgentia
1576 580 1701 628 signis

761 656 896 691 castra
925 656 1068 691 tenent
1096 663 1169 691 sen
1200 653 1330 691 densa
1359 653 1516 691 tenebit

661 749 824 786 Tiburis
853 749 1002 786 umbra
1031 750 1101 786 tui.
1155 749 1316 786 Teucer
1346 748 1557 785 Salamina
1585 750 1829 796 patremque

764 834 858 860 cum
888 823 1059 872 fugeret,
1090 825 1228 859 tamen
1256 819 1340 858 uda
1366 820 1507 868 Lyaeo

664 904 853 946 tempora
880 896 1064 945 populea
1093 897 1218 933 fertur
1247 895 1429 932 vinxisse
1460 904 1615 932 corona

758 970 816 1007 sic
845 970 981 1006 tristes
1011 968 1173 1006 adfatus
1203 969 1375 1006 amicos:

657 1063 756 1113 ‘quo
787 1076 863 1102 nos
895 1076 1075 1113 cumque
1103 1065 1205 1102 feret
1234 1064 1380 1102 melior
1408 1064 1572 1101 fortuna
1599 1065 1783 1112 parente,

759 1139 924 1188 ibimus,
955 1150 978 1177 o
1009 1139 1110 1177 socii
1140 1138 1413 1188 comitesque:

659 1213 715 1250 nil
745 1212 1053 1262 desperandum
1082 1213 1243 1250 Teucro
1275 1212 1381 1250 duce
1411 1214 1451 1249 et
1479 1211 1646 1260 auspice
1674 1210 1853 1247 Teucro:

760 1289 895 1322 certus
926 1287 1035 1322 enim
1064 1287 1252 1334 promisit
1282 1286 1432 1333 Apollo

660 1379 899 1429 ambiguam
928 1379 1076 1417 tellure
1104 1390 1215 1417 nova
1245 1378 1454 1417 Salamina
1481 1380 1671 1417 futuram.

760 1462 783 1487 o
815 1453 939 1488 fortes
968 1452 1196 1500 peioraque
1224 1453 1335 1500 passi

659 1536 824 1562 mecum
853 1536 981 1573 saepe
1010 1527 1098 1573 viri,
1127 1537 1239 1561 nunc
1269 1527 1363 1562 vino
1394 1526 1536 1574 pellite
1567 1536 1704 1569 curasg

757 1611 846 1636 cras
874 1601 1020 1647 ingens
1049 1599 1291 1636 iterabimus
1321 1597 1500 1648 aequor.³

1179 1735 1210 1784 17
1241 1734 1290 1773 ‘28

442 1836 603 1868 NAVTA
659 1832 718 1870 Te
747 1834 871 1870 maris
902 1836 942 1870 et
972 1838 1105 1870 terrae
1134 1845 1392 1883 numeroque
1424 1834 1600 1871 carentis
1629 1835 1810 1870 harenae

755 1917 991 1944 mensorem
1023 1907 1229 1952 cohibent,
1260 1908 1455 1955 Archyta,

654 1981 835 2029 pulveris
866 1981 1004 2029 exigui
1032 1991 1163 2029 prope
1192 1980 1286 2017 litus
1315 1992 1445 2029 parva
1473 1981 1672 2018 Matinum

756 2064 941 2102 munera,
971 2065 1050 2091 nec
1080 2054 1302 2102 quicquam
1334 2054 1405 2091 tibi
1433 2053 1604 2103 prodest

653 2149 786 2186 aerias
816 2151 1042 2197 temptasse
1072 2147 1218 2186 domos
1249 2149 1473 2197 animoque
1501 2147 1726 2185 rotundum

748 2222 1003 2270 percurrisse
1030 2222 1174 2270 polum
1203 2208 1414 2259 morituro.

653 2294 804 2332 occidit
833 2298 874 2331 et
901 2294 1068 2344 Pelopis
1098 2296 1271 2344 genitor,
1301 2296 1478 2333 conviva
1506 2294 1691 2343 deorum,

751 2367 1039 2415 Tithonusque
1067 2370 1252 2405 remotus
1281 2369 1322 2404 in
1353 2379 1473 2405 auras

651 2465 691 2498 et
718 2461 828 2498 Iovis
858 2462 1018 2498 arcanis
1046 2462 1180 2499 Minos
1210 2461 1426 2510 admissus,
1455 2462 1694 2511 habentque

749 2533 923 2571 Tartara
950 2534 1212 2572 Panthoiden
1240 2535 1389 2572 iterum
1419 2533 1527 2573 Orco

654 2606 891 2657 demissum,
922 2608 1110 2657 quamvis
1141 2608 1275 2658 clipeo
1305 2608 1484 2646 Troiana
1511 2610 1641 2647 refixo

748 2685 938 2731 tempora
967 2685 1138 2720 testatus
1167 2683 1269 2720 nihil
1297 2683 1405 2720 ultra

647 2787 798 2814 nervos
828 2779 954 2826 atque
985 2779 1119 2814 cutem
1150 2777 1272 2814 morti
1303 2780 1564 2815 concesserat
1592 2782 1717 2824 atrae7

746 2849 885 2887 iudice
915 2853 955 2886 te
983 2860 1067 2887 non
1097 2849 1288 2887 sordidus
1318 2853 1462 2888 auctor

349 2925 594 2957 ARCHYTAS
650 2926 824 2960 naturae
853 2925 1036 2973 verique.
1095 2924 1175 2962 Sed
1206 2936 1351 2961 omnes
1380 2937 1464 2962 una
1492 2929 1632 2963 manet
1660 2936 1744 2962 nox

743 3001 784 3035 et
813 2997 1013 3036 calcanda
1041 2998 1171 3036 semel
1200 2999 1266 3036 via
1295 2998 1383 3036 leti:

2041 661 2084 689 20

2039 1070 2080 1098 25

2038 1461 2081 1486 30

2030 2545 2070 2571 10

2026 2934 2066 2959 15
