2466 3449
1206 224 1252 262 15

652 350 752 388 dant
780 351 883 389 alios
910 352 1061 389 Furiae
1089 356 1207 390 torvo
1237 353 1475 402 spectacula
1501 354 1632 402 Marti,

753 424 919 462 exitiost
946 425 1116 462 avidum
1143 436 1259 463 mare
1286 427 1436 475 nautis,

652 497 783 536 mixta
810 508 957 536 senum
985 509 1035 537 ac
1060 499 1260 537 iuvenum
1289 499 1514 539 densentur
1542 502 1704 539 funera:
1734 500 1895 539 nullum

752 582 879 609 saeva
908 577 1032 621 caput
1057 573 1307 622 Proserpina
1334 575 1447 624 fugit.
2028 584 2070 612 20

652 676 720 703 me
749 676 919 716 quoque
948 665 1098 705 devexi
1127 667 1295 706 rabidus
1326 678 1466 706 comes
1496 667 1659 708 Orionis

751 737 926 790 Illyricis
955 742 1078 777 notus
1108 740 1246 777 obruit
1273 741 1406 779 undis.

653 815 694 849 at
722 815 778 861 tu,
807 816 946 863 nauta,
976 825 1108 864 vagae
1135 824 1190 851 ne
1218 825 1344 863 parce
1371 815 1574 865 malignus
1603 816 1784 853 harenae

752 886 914 923 ossibus
944 890 984 923 et
1013 887 1137 936 capiti
1163 888 1377 925 inhumato

650 980 896 1029 particulam
925 980 1041 1019 dare:
1072 982 1143 1032 sic,
1173 982 1466 1033 quodcumque
1494 983 1716 1020 minabitur
1745 973 1867 1020 eurus
2025 991 2068 1018 25

752 1054 942 1092 fluctibus
970 1056 1194 1105 Hesperiis,
1222 1057 1460 1094 Venusinae

651 1127 887 1176 plectantur
914 1129 1044 1167 silvae
1073 1132 1114 1167 te
1142 1130 1308 1180 sospite,
1337 1130 1551 1180 multaque
1579 1142 1750 1179 merces,

750 1201 862 1240 unde
889 1205 1040 1252 potest,
1069 1202 1143 1241 tibi
1172 1202 1324 1242 defluat
1353 1215 1487 1254 aequo

655 1295 706 1333 ab
734 1295 836 1333 Iove
862 1295 1143 1346 Neptunoque
1171 1298 1277 1335 sacri
1306 1296 1478 1335 custode
1505 1297 1684 1335 Tarenti.

749 1368 934 1417 neglegis
961 1369 1161 1407 inmeritis
1188 1371 1418 1409 nocituram
2023 1380 2065 1407 30

651 1439 873 1490 postmodo
904 1443 945 1479 te
971 1441 1079 1479 natis
1107 1441 1296 1480 fraudem
1324 1442 1608 1480 committere?
1637 1443 1719 1479 fors
1749 1446 1787 1479 et

754 1499 895 1550 debita
920 1515 1011 1551 iura
1038 1515 1236 1564 vicesque
1263 1515 1469 1564 superbae

653 1609 693 1644 te
721 1611 918 1645 maneant
943 1609 1098 1658 ipsum:
1127 1609 1320 1658 precibus
1348 1620 1433 1646 non
1460 1610 1625 1659 linquar
1651 1610 1803 1658 inultis,

752 1684 878 1729 teque
904 1682 1071 1730 piacula
1097 1683 1212 1718 nulla
1239 1683 1462 1721 resolvent.

654 1765 906 1801 quamquam
934 1755 1116 1803 festinas,
1144 1767 1229 1792 non
1259 1759 1321 1793 est
1348 1767 1465 1793 mora
1492 1756 1635 1805 longa,
1665 1756 1804 1793 licebit
2019 1765 2062 1792 35

750 1826 902 1865 iniecto
933 1829 994 1865 ter
1021 1827 1191 1878 pulvere
1220 1839 1370 1867 curras.

124 1920 272 1969 quibus
300 1920 537 1959 nominibus
565 1924 713 1971 postea
741 1923 901 1961 omissis
930 1922 1081 1973 dialogi
1110 1923 1282 1973 species,
1319 1923 1394 1960 etsi
1431 1923 1664 1961 certissimis
1691 1922 1851 1960 indiciis
1881 1922 2006 1959 etiam
2028 1933 2140 1960 nunc
2169 1933 2316 1972 agnos-

124 1994 239 2044 citur,
267 2004 352 2032 non
376 1995 511 2044 potuit
538 2006 623 2034 non
653 1995 875 2034 obscurari.
934 1999 1117 2034 ceterum
1154 1996 1338 2034 similiter
1371 1996 1439 2034 vel
1471 1997 1513 2033 in
1543 1997 1754 2045 epicorum
1784 1996 2010 2032 carminum
2039 1995 2154 2034 libris
2182 1997 2312 2034 veluti

121 2069 164 2105 in
192 2069 423 2117 fragmento
451 2067 592 2105 Iliadis
619 2069 884 2107 Bankesiano
915 2081 1009 2107 cum
1037 2071 1207 2108 nomina
1236 2081 1378 2107 eorum
1417 2071 1486 2119 qui
1520 2070 1739 2119 loquentes
1774 2069 2026 2106 inducuntur
2057 2070 2100 2106 in
2129 2071 2316 2119 margine

124 2141 430 2180 adnotabantur
457 2145 557 2192 tum,
586 2143 658 2181 ubi
684 2146 811 2192 poeta
838 2154 1007 2181 narrare
1034 2144 1178 2193 pergit,
1207 2141 1370 2194 ποιητής
1399 2142 1641 2181 addebatur.

310 2236 573 2275 Revertimur
615 2238 668 2276 ad
711 2249 875 2276 carmen
914 2237 948 2288 1,
996 2237 1031 2277 7.
1101 2238 1214 2288 quod
1254 2239 1361 2276 inter
1403 2241 1444 2276 et
1485 2237 1702 2287 epistulam
1742 2237 1774 2286 1,
1821 2236 1864 2274 11
1909 2237 2097 2274 intimam
2139 2239 2318 2276 necessi·

122 2309 308 2347 tudinem
335 2310 594 2348 intercedere
622 2322 717 2348 cum
745 2312 814 2349 alii
840 2313 923 2349 iam
942 2315 1205 2360 monuerunt,
1235 2315 1321 2348 tum
1341 2312 1392 2350 ab
1413 2311 1564 2348 Adolfo
1586 2311 1780 2359 Kniitgen
1799 2311 1842 2347 in
1856 2321 1993 2359 progr.
2009 2323 2150 2359 gymn.
2168 2309 2319 2360 Oppol.

122 2394 157 2420 a.
191 2380 291 2420 1882
329 2381 452 2420 docta
488 2386 529 2421 et
563 2387 758 2422 accurata
793 2385 1144 2423 commentatione
1178 2385 1430 2434 patefactum
1468 2386 1553 2421 est.-
1596 2383 1665 2432 qui
1703 2393 1795 2420 cum
1824 2383 2061 2431 Bullatium,
2100 2383 2153 2420 ad
2191 2394 2315 2432 quem

120 2457 192 2494 illa
228 2456 404 2505 epistula
439 2458 591 2506 scripta
627 2461 700 2506 est,
738 2469 791 2495 ex
818 2458 1003 2496 Munatio
1039 2458 1302 2496 librariorum
1339 2457 1463 2506 culpa
1498 2459 1735 2505 corruptum
1777 2466 1869 2493 esse
1905 2459 2118 2505 statueret,
2155 2457 2319 2506 longius

121 2540 362 2588 progressus
389 2530 691 2580 probabilitatis
720 2531 822 2569 fines
853 2532 1081 2569 excessisse
1109 2531 1317 2581 putandus
1347 2534 1419 2569 est.
1476 2533 1613 2567 tamen
1642 2529 1728 2567 veri
1748 2527 1905 2578 aliquid
1925 2529 2015 2566 eius
2036 2528 2319 2568 observationi

123 2606 260 2643 inesse
276 2606 434 2642 certum
452 2604 602 2644 habeo.
637 2605 829 2644 nam'sub
850 2605 1016 2643 Bullatii
1043 2616 1223 2656 persona
1241 2606 1353 2655 latet,
1383 2605 1415 2642 si
1445 2603 1542 2654 quid
1562 2603 1698 2650 video,
1725 2603 1935 2640 Munatius
1954 2603 2146 2642 Plancus.
2195 2604 2319 2641 etiam

124 2679 241 2728 alibi,
282 2678 324 2716 id
367 2678 479 2727 quod
527 2691 639 2717 nunc
685 2682 880 2730 persequi
927 2661 1157 2718 accuratius
1208 2681 1325 2729 nolo,
1365 2689 1450 2716 non
1491 2679 1597 2715 veris
1645 2677 1883 2715 nominibus
1925 2689 2023 2714 usus
2070 2681 2132 2715 est
2180 2682 2318 2726 poeta.

58 2743 61 2747 ”
123 2753 269 2791 mutati
310 2754 450 2790 autem
485 2753 662 2791 nominis
695 2754 739 2791 in
773 2754 846 2792 illa
882 2753 1058 2803 epistula
1094 2764 1218 2792 causa
1253 2752 1429 2791 obscura
1463 2762 1547 2790 non
1585 2754 1657 2790 est.
1713 2750 1984 2801 epistularum
2021 2751 2131 2788 enim
2167 2750 2319 2789 librum

122 2826 300 2876 primum
323 2836 417 2863 cum
436 2824 579 2863 ederet
597 2825 805 2876 Horatius,
833 2826 1077 2864 iamdudum
1105 2827 1310 2864 Munatius
1340 2826 1544 2863 tristitiam
1574 2836 1656 2873 qua
1685 2824 1785 2861 olim
1814 2824 1986 2861 affectus
2016 2827 2104 2861 erat
2133 2829 2320 2872 exuerat,

121 2902 344 2949 postquam
376 2910 583 2937 summam
610 2901 662 2938 ab
691 2900 920 2939 Octaviano
950 2902 1123 2951 gratiam
1151 2901 1255 2938 iniit:
1286 2899 1392 2937 adeo
1423 2911 1459 2937 a,
1480 2896 1556 2935 727
1577 2910 1629 2936 ex
1644 2899 1816 2935 Munatii
1838 2898 2045 2935 sententia
2066 2896 2321 2937 Octavianus
